@inproceedings{unsafePerformIO,
  author    = {Simon {Peyton Jones} and
               Simon Marlow and
               Conal Elliott},
  editor    = {Pieter W. M. Koopman and
               Chris Clack},
  title     = {Stretching the Storage Manager: Weak Pointers and Stable Names in
               Haskell},
  booktitle = {IFL'99},
  series    = {Lecture Notes in Computer Science},
  volume    = {1868},
  pages     = {37--58},
  publisher = {Springer},
  year      = {1999},
  url       = {https://doi.org/10.1007/10722298\_3},
  doi       = {10.1007/10722298\_3},
  timestamp = {Tue, 14 May 2019 10:00:35 +0200},
  biburl    = {https://dblp.org/rec/conf/ifl/JonesME99.bib},
  bibsource = {dblp computer science bibliography, https://dblp.org}
}

@inproceedings{dejafu,
  author    = {Michael Walker and
               Colin Runciman},
  editor    = {Ben Lippmeier},
  title     = {D{\'{e}}j{\`{a}} Fu: a concurrency testing library for Haskell},
  booktitle = {Haskell 2015},
  pages     = {141--152},
  publisher = {{ACM}},
  year      = {2015},
  url       = {https://doi.org/10.1145/2804302.2804306},
  doi       = {10.1145/2804302.2804306},
  timestamp = {Wed, 23 Jun 2021 16:58:51 +0200},
  biburl    = {https://dblp.org/rec/conf/haskell/WalkerR15.bib},
  bibsource = {dblp computer science bibliography, https://dblp.org}
}



@article{runST,
  author    = {Amin Timany and
               L{\'{e}}o Stefanesco and
               Morten Krogh{-}Jespersen and
               Lars Birkedal},
  title     = {A logical relation for monadic encapsulation of state: proving contextual
               equivalences in the presence of runST},
  journal   = {Proc. {ACM} Program. Lang.},
  volume    = {2},
  number    = {{POPL}},
  pages     = {64:1--64:28},
  year      = {2018},
  url       = {https://doi.org/10.1145/3158152},
  doi       = {10.1145/3158152},
  timestamp = {Wed, 17 Feb 2021 08:54:01 +0100},
  biburl    = {https://dblp.org/rec/journals/pacmpl/TimanySKB18.bib},
  bibsource = {dblp computer science bibliography, https://dblp.org}
}


@inproceedings{quickcheck,
  author    = {Koen Claessen and John Hughes},
  title     = {QuickCheck: a lightweight tool for random testing of Haskell programs},
  booktitle = {{ICFP 2000}},
  publisher = {{ACM}},
  year      = {2000},
  doi       = {10.1145/351240.351266},
}
  pages     = {268--279},


@article{optimiser,
  author    = {Simon L. {Peyton Jones} and
               Andr{\'{e}} L. M. Santos},
  title     = {A Transformation-Based Optimiser for Haskell},
  journal   = {Sci. Comput. Program.},
  volume    = {32},
  number    = {1-3},
  pages     = {3--47},
  year      = {1998},
  url       = {https://doi.org/10.1016/S0167-6423(97)00029-4},
  doi       = {10.1016/S0167-6423(97)00029-4},
  timestamp = {Wed, 07 Dec 2022 23:04:13 +0100},
  biburl    = {https://dblp.org/rec/journals/scp/JonesS98.bib},
  bibsource = {dblp computer science bibliography, https://dblp.org}
}


@article{sabry,
  author    = {Amr Sabry},
  title     = {What is a Purely Functional Language?},
  journal   = {J. Funct. Program.},
  volume    = {8},
  number    = {1},
  pages     = {1--22},
  year      = {1998},
  url       = {https://doi.org/10.1017/s0956796897002943},
  doi       = {10.1017/s0956796897002943},
  timestamp = {Tue, 16 Aug 2022 23:04:53 +0200},
  biburl    = {https://dblp.org/rec/journals/jfp/Sabry98.bib},
  bibsource = {dblp computer science bibliography, https://dblp.org}
}


@inproceedings{concurrent,
  author    = {Simon L. {Peyton Jones} and
               Andrew D. Gordon and
               Sigbj{\o}rn Finne},
  editor    = {Hans{-}Juergen Boehm and
               Guy L. Steele Jr.},
  title     = {Concurrent Haskell},
  booktitle = {POPL'96},
  pages     = {295--308},
  publisher = {{ACM} Press},
  year      = {1996},
  url       = {https://doi.org/10.1145/237721.237794},
  doi       = {10.1145/237721.237794},
  timestamp = {Mon, 14 Feb 2022 09:20:26 +0100},
  biburl    = {https://dblp.org/rec/conf/popl/JonesGF96.bib},
  bibsource = {dblp computer science bibliography, https://dblp.org}
}


@inproceedings{launchbury,
  author    = {John Launchbury},
  title     = {A Natural Semantics for Lazy Evaluation},
  booktitle = {POPL'93},
  year      = {1993},
  doi       = {10.1145/158511.158618},
  publisher = {ACM},
}
  bibsource = {DBLP, http://dblp.uni-trier.de}
  pages     = {144-154},


@inproceedings{datafun,
  author    = {Michael Arntzenius and
               Neelakantan R. Krishnaswami},
  editor    = {Jacques Garrigue and
               Gabriele Keller and
               Eijiro Sumii},
  title     = {Datafun: a functional Datalog},
  booktitle = {ICFP 2016},
  pages     = {214--227},
  publisher = {{ACM}},
  year      = {2016},
  url       = {https://doi.org/10.1145/2951913.2951948},
  doi       = {10.1145/2951913.2951948},
  timestamp = {Wed, 23 Jun 2021 15:34:31 +0200},
  biburl    = {https://dblp.org/rec/conf/icfp/ArntzeniusK16.bib},
  bibsource = {dblp computer science bibliography, https://dblp.org}
}


@TechReport{propagator,
  author = "Sussman, Gerald Jay and Radul, Alexey",
  month = "January",
  year = "2009",
  title = "The Art of the Propagator",
  url = "https://dspace.mit.edu/handle/1721.1/44215",
  number = "MIT/CSAIL Technical Report MIT-CSAIL-TR-2009-002",
  type = "Technical Report",
  address = "Cambridge, MA",
  institution = "Massachusetts Institute of Technology",
}


@inproceedings{observable-sharing,
  author    = {Koen Claessen and
               David Sands},
  editor    = {P. S. Thiagarajan and
               Roland H. C. Yap},
  title     = {Observable Sharing for Functional Circuit Description},
  booktitle = {ASIAN'99},
  series    = {Lecture Notes in Computer Science},
  volume    = {1742},
  pages     = {62--73},
  publisher = {Springer},
  year      = {1999},
  url       = {https://doi.org/10.1007/3-540-46674-6\_7},
  doi       = {10.1007/3-540-46674-6\_7},
  timestamp = {Tue, 14 May 2019 10:00:53 +0200},
  biburl    = {https://dblp.org/rec/conf/asian/ClaessenS99.bib},
  bibsource = {dblp computer science bibliography, https://dblp.org}
}

@misc{lazyleast,
  author = {Fran√ßois Pottier},
  title = {Functional Pearl: Lazy least fixed points in ML},
  year = {2009},
  month = {December},
  url = {http://cambium.inria.fr/~fpottier/publis/fpottier-fix.pdf},
  note = {(unpublished)},
}

@InProceedings{kildall-73,
  author    = {Gary A. Kildall},
  editor    = {Patrick C. Fischer and
               Jeffrey D. Ullman},
  title     = {A Unified Approach to Global Program Optimization},
  booktitle = {POPL'73},
  pages     = {194--206},
  publisher = {{ACM} Press},
  year      = {1973},
  url       = {https://doi.org/10.1145/512927.512945},
  doi       = {10.1145/512927.512945},
  timestamp = {Wed, 14 Nov 2018 10:52:34 +0100},
  biburl    = {https://dblp.org/rec/conf/popl/Kildall73.bib},
  bibsource = {dblp computer science bibliography, https://dblp.org}
}


@Article{kam-ullman-76,
  author    = {John B. Kam and
               Jeffrey D. Ullman},
  title     = {Global Data Flow Analysis and Iterative Algorithms},
  journal   = {J. {ACM}},
  volume    = {23},
  number    = {1},
  pages     = {158--171},
  year      = {1976},
  url       = {https://doi.org/10.1145/321921.321938},
  doi       = {10.1145/321921.321938},
  timestamp = {Wed, 14 Nov 2018 10:35:25 +0100},
  biburl    = {https://dblp.org/rec/journals/jacm/KamU76.bib},
  bibsource = {dblp computer science bibliography, https://dblp.org}
}

@article{spygame,
  author    = {Paulo Em{\'{\i}}lio de Vilhena and
               Fran{\c{c}}ois Pottier and
               Jacques{-}Henri Jourdan},
  title     = {Spy game: verifying a local generic solver in Iris},
  journal   = {Proc. {ACM} Program. Lang.},
  volume    = {4},
  number    = {{POPL}},
  pages     = {33:1--33:28},
  year      = {2020},
  doi       = {10.1145/3371101},
  timestamp = {Sun, 02 Oct 2022 15:26:02 +0200},
  biburl    = {https://dblp.org/rec/journals/pacmpl/VilhenaPJ20.bib},
  bibsource = {dblp computer science bibliography, https://dblp.org}
}

@article{cocaml,
  author    = {Jean{-}Baptiste Jeannin and
               Dexter Kozen and
               Alexandra Silva},
  title     = {CoCaml: Functional Programming with Regular Coinductive Types},
  journal   = {Fundam. Informaticae},
  volume    = {150},
  number    = {3-4},
  pages     = {347--377},
  year      = {2017},
  doi       = {10.3233/FI-2017-1473},
  timestamp = {Fri, 18 Sep 2020 11:15:45 +0200},
  biburl    = {https://dblp.org/rec/journals/fuin/JeanninKS17a.bib},
  bibsource = {dblp computer science bibliography, https://dblp.org}
}


@article{secrets,
  author    = {Simon L. {Peyton Jones} and
               Simon Marlow},
  title     = {Secrets of the Glasgow Haskell Compiler inliner},
  journal   = {J. Funct. Program.},
  volume    = {12},
  number    = {4{\&}5},
  pages     = {393--433},
  year      = {2002},
  url       = {https://doi.org/10.1017/S0956796802004331},
  doi       = {10.1017/S0956796802004331},
  timestamp = {Sat, 27 May 2017 14:24:34 +0200},
  biburl    = {https://dblp.org/rec/journals/jfp/JonesM02.bib},
  bibsource = {dblp computer science bibliography, https://dblp.org}
}



@article{modular,
  author    = {Ilya Sergey and
               Dimitrios Vytiniotis and
               Simon L. {Peyton Jones} and
               Joachim Breitner},
  title     = {Modular, higher order cardinality analysis in theory and practice},
  journal   = {J. Funct. Program.},
  volume    = {27},
  pages     = {e11},
  year      = {2017},
  url       = {https://doi.org/10.1017/S0956796817000016},
  doi       = {10.1017/S0956796817000016},
  timestamp = {Fri, 02 Nov 2018 09:31:48 +0100},
  biburl    = {https://dblp.org/rec/journals/jfp/SergeyVJB17.bib},
  bibsource = {dblp computer science bibliography, https://dblp.org}
}


@inproceedings{longley,
  author    = {John Longley},
  editor    = {Didier R{\'{e}}my and
               Peter Lee},
  title     = {When is a Functional Program Not a Functional Program?},
  booktitle = {ICFP'99},
  pages     = {1--7},
  publisher = {{ACM}},
  year      = {1999},
  url       = {https://doi.org/10.1145/317636.317775},
  doi       = {10.1145/317636.317775},
  timestamp = {Thu, 08 Jul 2021 16:04:01 +0200},
  biburl    = {https://dblp.org/rec/conf/icfp/Longley99.bib},
  bibsource = {dblp computer science bibliography, https://dblp.org}
}


@techreport{adams-tr,
  title = {Implementing sets efficiently in a functional language,},
  AUTHOR = {Stephen Adams},
  TYPE = {Research Report},
  NUMBER = {CSTR 92-10},
  INSTITUTION = {University of Southampton.},
  YEAR = {1992},
}

@inproceedings{nievergelt,
  author    = {J{\"{u}}rg Nievergelt and
               Edward M. Reingold},
  title     = {Binary Search Trees of Bounded Balance},
  booktitle = {{STOC}},
  pages     = {137--142},
  publisher = {{ACM}},
  year      = {1972},
  doi       = {10.1145/800152.804906},
}


@article{runST2,
  author       = {Koen Jacobs and
                  Dominique Devriese and
                  Amin Timany},
  title        = {Purity of an {ST} monad: full abstraction by semantically typed back-translation},
  journal      = {Proc. {ACM} Program. Lang.},
  volume       = {6},
  number       = {{OOPSLA1}},
  pages        = {1--27},
  year         = {2022},
  url          = {https://doi.org/10.1145/3527326},
  doi          = {10.1145/3527326},
  timestamp    = {Tue, 10 Jan 2023 16:19:50 +0100},
  biburl       = {https://dblp.org/rec/journals/pacmpl/JacobsDT22.bib},
  bibsource    = {dblp computer science bibliography, https://dblp.org}
}

@misc{hatafun,
  author = {Yihong Zhang},
  title = {Hatafun},
  year = {2020},
  url = {https://github.com/yihozhang/Hatafun/},
  note = {revision c372b81},
}

@inproceedings{polakow,
  author       = {Jeff Polakow},
  editor       = {Ben Lippmeier},
  title        = {Embedding a full linear Lambda calculus in Haskell},
  booktitle    = {Proceedings of the 8th {ACM} {SIGPLAN} Symposium on Haskell, Haskell
                  2015, Vancouver, BC, Canada, September 3-4, 2015},
  pages        = {177--188},
  publisher    = {{ACM}},
  year         = {2015},
  url          = {https://doi.org/10.1145/2804302.2804309},
  doi          = {10.1145/2804302.2804309},
  timestamp    = {Wed, 23 Jun 2021 16:58:51 +0200},
  biburl       = {https://dblp.org/rec/conf/haskell/Polakow15.bib},
  bibsource    = {dblp computer science bibliography, https://dblp.org}
}

@inproceedings{lvars,
  author       = {Lindsey Kuper and
                  Ryan R. Newton},
  editor       = {Clemens Grelck and
                  Fritz Henglein and
                  Umut A. Acar and
                  Jost Berthold},
  title        = {LVars: lattice-based data structures for deterministic parallelism},
  booktitle    = {Proceedings of the 2nd {ACM} {SIGPLAN} workshop on Functional high-performance
                  computing, Boston, MA, USA, FHPC@ICFP 2013, September 25-27, 2013},
  pages        = {71--84},
  publisher    = {{ACM}},
  year         = {2013},
  url          = {https://doi.org/10.1145/2502323.2502326},
  doi          = {10.1145/2502323.2502326},
  timestamp    = {Thu, 14 Oct 2021 09:54:39 +0200},
  biburl       = {https://dblp.org/rec/conf/icfp/KuperN13.bib},
  bibsource    = {dblp computer science bibliography, https://dblp.org}
}



@inproceedings{typesafe-sharing,
  author       = {Andy Gill},
  editor       = {Stephanie Weirich},
  title        = {Type-safe observable sharing in Haskell},
  booktitle    = {Proceedings of the 2nd {ACM} {SIGPLAN} Symposium on Haskell, Haskell
                  2009, Edinburgh, Scotland, UK, 3 September 2009},
  pages        = {117--128},
  publisher    = {{ACM}},
  year         = {2009},
  url          = {https://doi.org/10.1145/1596638.1596653},
  doi          = {10.1145/1596638.1596653},
  timestamp    = {Fri, 25 Jun 2021 14:48:54 +0200},
  biburl       = {https://dblp.org/rec/conf/haskell/Gill09.bib},
  bibsource    = {dblp computer science bibliography, https://dblp.org}
}


@misc{datafix,
  author = {Sebastian Graf},
  title = {{datafix}: Fixing data-flow problems},
  year = {2021},
  url = {https://github.com/sgraf812/datafix},
  note = {revision 4d5239c},
}

@inproceedings{pure-functional,
  author       = {Martin Hofmann and
                  Aleksandr Karbyshev and
                  Helmut Seidl},
  editor       = {Samson Abramsky and
                  Cyril Gavoille and
                  Claude Kirchner and
                  Friedhelm Meyer auf der Heide and
                  Paul G. Spirakis},
  title        = {What Is a Pure Functional?},
  booktitle    = {Automata, Languages and Programming, 37th International Colloquium,
                  {ICALP} 2010, Bordeaux, France, July 6-10, 2010, Proceedings, Part
                  {II}},
  series       = {Lecture Notes in Computer Science},
  volume       = {6199},
  pages        = {199--210},
  publisher    = {Springer},
  year         = {2010},
  url          = {https://doi.org/10.1007/978-3-642-14162-1\_17},
  doi          = {10.1007/978-3-642-14162-1\_17},
  timestamp    = {Sun, 02 Oct 2022 16:03:12 +0200},
  biburl       = {https://dblp.org/rec/conf/icalp/HofmannKS10.bib},
  bibsource    = {dblp computer science bibliography, https://dblp.org}
}

@article{clairvoyant,
  author       = {Jennifer Hackett and
                  Graham Hutton},
  title        = {Call-by-need is clairvoyant call-by-value},
  journal      = {Proc. {ACM} Program. Lang.},
  volume       = {3},
  number       = {{ICFP}},
  pages        = {114:1--114:23},
  year         = {2019},
  url          = {https://doi.org/10.1145/3341718},
  doi          = {10.1145/3341718},
  timestamp    = {Tue, 21 Mar 2023 21:13:50 +0100},
  biburl       = {https://dblp.org/rec/journals/pacmpl/HackettH19.bib},
  bibsource    = {dblp computer science bibliography, https://dblp.org}
}
