@inproceedings{unsafePerformIO,
  author    = {Simon {Peyton Jones} and
               Simon Marlow and
               Conal Elliott},
  editor    = {Pieter W. M. Koopman and
               Chris Clack},
  title     = {Stretching the Storage Manager: Weak Pointers and Stable Names in
               Haskell},
  booktitle = {Implementation of Functional Languages, 11th International Workshop,
               IFL'99, Lochem, The Netherlands, September 7-10, 1999, Selected Papers},
  series    = {Lecture Notes in Computer Science},
  volume    = {1868},
  pages     = {37--58},
  publisher = {Springer},
  year      = {1999},
  url       = {https://doi.org/10.1007/10722298\_3},
  doi       = {10.1007/10722298\_3},
  timestamp = {Tue, 14 May 2019 10:00:35 +0200},
  biburl    = {https://dblp.org/rec/conf/ifl/JonesME99.bib},
  bibsource = {dblp computer science bibliography, https://dblp.org}
}

@inproceedings{dejafu,
  author    = {Michael Walker and
               Colin Runciman},
  editor    = {Ben Lippmeier},
  title     = {D{\'{e}}j{\`{a}} Fu: a concurrency testing library for Haskell},
  booktitle = {Proceedings of the 8th {ACM} {SIGPLAN} Symposium on Haskell, Haskell
               2015, Vancouver, BC, Canada, September 3-4, 2015},
  pages     = {141--152},
  publisher = {{ACM}},
  year      = {2015},
  url       = {https://doi.org/10.1145/2804302.2804306},
  doi       = {10.1145/2804302.2804306},
  timestamp = {Wed, 23 Jun 2021 16:58:51 +0200},
  biburl    = {https://dblp.org/rec/conf/haskell/WalkerR15.bib},
  bibsource = {dblp computer science bibliography, https://dblp.org}
}



@article{runST,
  author    = {Amin Timany and
               L{\'{e}}o Stefanesco and
               Morten Krogh{-}Jespersen and
               Lars Birkedal},
  title     = {A logical relation for monadic encapsulation of state: proving contextual
               equivalences in the presence of runST},
  journal   = {Proc. {ACM} Program. Lang.},
  volume    = {2},
  number    = {{POPL}},
  pages     = {64:1--64:28},
  year      = {2018},
  url       = {https://doi.org/10.1145/3158152},
  doi       = {10.1145/3158152},
  timestamp = {Wed, 17 Feb 2021 08:54:01 +0100},
  biburl    = {https://dblp.org/rec/journals/pacmpl/TimanySKB18.bib},
  bibsource = {dblp computer science bibliography, https://dblp.org}
}


@inproceedings{quickcheck,
  author    = {Koen Claessen and John Hughes},
  title     = {QuickCheck: a lightweight tool for random testing of Haskell programs},
  booktitle = {{ICFP}},
  publisher = {{ACM}},
  year      = {2000},
  doi       = {10.1145/351240.351266},
}
  pages     = {268--279},


@article{optimiser,
  author    = {Simon L. {Peyton Jones} and
               Andr{\'{e}} L. M. Santos},
  title     = {A Transformation-Based Optimiser for Haskell},
  journal   = {Sci. Comput. Program.},
  volume    = {32},
  number    = {1-3},
  pages     = {3--47},
  year      = {1998},
  url       = {https://doi.org/10.1016/S0167-6423(97)00029-4},
  doi       = {10.1016/S0167-6423(97)00029-4},
  timestamp = {Wed, 07 Dec 2022 23:04:13 +0100},
  biburl    = {https://dblp.org/rec/journals/scp/JonesS98.bib},
  bibsource = {dblp computer science bibliography, https://dblp.org}
}


@article{sabry,
  author    = {Amr Sabry},
  title     = {What is a Purely Functional Language?},
  journal   = {J. Funct. Program.},
  volume    = {8},
  number    = {1},
  pages     = {1--22},
  year      = {1998},
  url       = {https://doi.org/10.1017/s0956796897002943},
  doi       = {10.1017/s0956796897002943},
  timestamp = {Tue, 16 Aug 2022 23:04:53 +0200},
  biburl    = {https://dblp.org/rec/journals/jfp/Sabry98.bib},
  bibsource = {dblp computer science bibliography, https://dblp.org}
}


@inproceedings{concurrent,
  author    = {Simon L. {Peyton Jones} and
               Andrew D. Gordon and
               Sigbj{\o}rn Finne},
  editor    = {Hans{-}Juergen Boehm and
               Guy L. Steele Jr.},
  title     = {Concurrent Haskell},
  booktitle = {Conference Record of POPL'96: The 23rd {ACM} {SIGPLAN-SIGACT} Symposium
               on Principles of Programming Languages, Papers Presented at the Symposium,
               St. Petersburg Beach, Florida, USA, January 21-24, 1996},
  pages     = {295--308},
  publisher = {{ACM} Press},
  year      = {1996},
  url       = {https://doi.org/10.1145/237721.237794},
  doi       = {10.1145/237721.237794},
  timestamp = {Mon, 14 Feb 2022 09:20:26 +0100},
  biburl    = {https://dblp.org/rec/conf/popl/JonesGF96.bib},
  bibsource = {dblp computer science bibliography, https://dblp.org}
}


@inproceedings{launchbury,
  author    = {John Launchbury},
  title     = {A Natural Semantics for Lazy Evaluation},
  booktitle = {Principles of Programming Languages (POPL)},
  year      = {1993},
  doi       = {10.1145/158511.158618},
  publisher = {ACM},
}
  bibsource = {DBLP, http://dblp.uni-trier.de}
  pages     = {144-154},


@inproceedings{datafun,
  author    = {Michael Arntzenius and
               Neelakantan R. Krishnaswami},
  editor    = {Jacques Garrigue and
               Gabriele Keller and
               Eijiro Sumii},
  title     = {Datafun: a functional Datalog},
  booktitle = {Proceedings of the 21st {ACM} {SIGPLAN} International Conference on
               Functional Programming, {ICFP} 2016, Nara, Japan, September 18-22,
               2016},
  pages     = {214--227},
  publisher = {{ACM}},
  year      = {2016},
  url       = {https://doi.org/10.1145/2951913.2951948},
  doi       = {10.1145/2951913.2951948},
  timestamp = {Wed, 23 Jun 2021 15:34:31 +0200},
  biburl    = {https://dblp.org/rec/conf/icfp/ArntzeniusK16.bib},
  bibsource = {dblp computer science bibliography, https://dblp.org}
}


@TechReport{propagator,
  author = "Sussman, Gerald Jay and Radul, Alexey",
  month = "January",
  year = "2009",
  title = "The Art of the Propagator",
  url = "https://dspace.mit.edu/handle/1721.1/44215",
  number = "MIT/CSAIL Technical Report MIT-CSAIL-TR-2009-002",
  type = "Technical Report",
  address = "Cambridge, MA",
  institution = "Massachusetts Institute of Technology",
}


@inproceedings{observable-sharing,
  author    = {Koen Claessen and
               David Sands},
  editor    = {P. S. Thiagarajan and
               Roland H. C. Yap},
  title     = {Observable Sharing for Functional Circuit Description},
  booktitle = {Advances in Computing Science - ASIAN'99, 5th Asian Computing Science
               Conference, Phuket, Thailand, December 10-12, 1999, Proceedings},
  series    = {Lecture Notes in Computer Science},
  volume    = {1742},
  pages     = {62--73},
  publisher = {Springer},
  year      = {1999},
  url       = {https://doi.org/10.1007/3-540-46674-6\_7},
  doi       = {10.1007/3-540-46674-6\_7},
  timestamp = {Tue, 14 May 2019 10:00:53 +0200},
  biburl    = {https://dblp.org/rec/conf/asian/ClaessenS99.bib},
  bibsource = {dblp computer science bibliography, https://dblp.org}
}

@misc{lazyleast,
  author = {Fran√ßois Pottier},
  title = {Functional Pearl: Lazy least fixed points in ML},
  year = {2009},
  month = {December},
  url = {http://cambium.inria.fr/~fpottier/publis/fpottier-fix.pdf},
  note = {(unpublished)},
}

@InProceedings{kildall-73,
  author       = "Gary A. Kildall",
  title        = "A unified approach to global program optimization",
  booktitle    = popl,
  month        = oct,
  year         = "1973",
  pages        = "194--206",
  doi          = "10.1145/512927.512945",
}

@Article{kam-ullman-76,
  author       = "John B. Kam and Jeffrey D. Ullman",
  title        = "Global Data Flow Analysis and Iterative Algorithms",
  journal      = jacm,
  year         = "1976",
  volume       = "23",
  number       = "1",
  pages        = "158--171",
  month        = jan,
  doi          = "10.1145/321921.321938",
}

@article{spygame,
  author    = {Paulo Em{\'{\i}}lio de Vilhena and
               Fran{\c{c}}ois Pottier and
               Jacques{-}Henri Jourdan},
  title     = {Spy game: verifying a local generic solver in Iris},
  journal   = {Proc. {ACM} Program. Lang.},
  volume    = {4},
  number    = {{POPL}},
  pages     = {33:1--33:28},
  year      = {2020},
  doi       = {10.1145/3371101},
  timestamp = {Sun, 02 Oct 2022 15:26:02 +0200},
  biburl    = {https://dblp.org/rec/journals/pacmpl/VilhenaPJ20.bib},
  bibsource = {dblp computer science bibliography, https://dblp.org}
}

@article{cocaml,
  author    = {Jean{-}Baptiste Jeannin and
               Dexter Kozen and
               Alexandra Silva},
  title     = {CoCaml: Functional Programming with Regular Coinductive Types},
  journal   = {Fundam. Informaticae},
  volume    = {150},
  number    = {3-4},
  pages     = {347--377},
  year      = {2017},
  doi       = {10.3233/FI-2017-1473},
  timestamp = {Fri, 18 Sep 2020 11:15:45 +0200},
  biburl    = {https://dblp.org/rec/journals/fuin/JeanninKS17a.bib},
  bibsource = {dblp computer science bibliography, https://dblp.org}
}


@article{secrets,
  author    = {Simon L. {Peyton Jones} and
               Simon Marlow},
  title     = {Secrets of the Glasgow Haskell Compiler inliner},
  journal   = {J. Funct. Program.},
  volume    = {12},
  number    = {4{\&}5},
  pages     = {393--433},
  year      = {2002},
  url       = {https://doi.org/10.1017/S0956796802004331},
  doi       = {10.1017/S0956796802004331},
  timestamp = {Sat, 27 May 2017 14:24:34 +0200},
  biburl    = {https://dblp.org/rec/journals/jfp/JonesM02.bib},
  bibsource = {dblp computer science bibliography, https://dblp.org}
}



@article{modular,
  author    = {Ilya Sergey and
               Dimitrios Vytiniotis and
               Simon L. {Peyton Jones} and
               Joachim Breitner},
  title     = {Modular, higher order cardinality analysis in theory and practice},
  journal   = {J. Funct. Program.},
  volume    = {27},
  pages     = {e11},
  year      = {2017},
  url       = {https://doi.org/10.1017/S0956796817000016},
  doi       = {10.1017/S0956796817000016},
  timestamp = {Fri, 02 Nov 2018 09:31:48 +0100},
  biburl    = {https://dblp.org/rec/journals/jfp/SergeyVJB17.bib},
  bibsource = {dblp computer science bibliography, https://dblp.org}
}


